<?xml version="1.0" encoding="UTF-8"?><collection xmlns="http://www.loc.gov/MARC21/slim"><record><leader>00552nam--2200169-i-4500</leader><controlfield tag="001">000020346</controlfield><controlfield tag="002">20161230</controlfield><controlfield tag="005">20161230201033</controlfield><controlfield tag="008">060222s1000------------r-----000-0-rus-d</controlfield><datafield ind1=" " ind2=" " tag="040"><subfield code="a">IFIN-HH</subfield></datafield><datafield ind1=" " ind2=" " tag="041"><subfield code="a">rus</subfield></datafield><datafield ind1=" " ind2=" " tag="080"><subfield code="a">539.17:539.16.07(061.3)</subfield></datafield><datafield ind1="1" ind2=" " tag="110"><subfield code="a">Institut Fiziki An Latviiskoi Ssr</subfield></datafield><datafield ind1="1" ind2="0" tag="245"><subfield code="a">Voprosi tocenosti v iadernoi spektroskopii</subfield><subfield code="b">(materiali k u seminaru po toceenim izmereniiam v iadernoi spektroskopii)</subfield></datafield><datafield ind1=" " ind2=" " tag="260"><subfield code="a">Vilnius</subfield><subfield code="b">Institut Fiziki An Litovskoi Ssr</subfield><subfield code="c">1984</subfield></datafield><datafield ind1=" " ind2=" " tag="852"><subfield code="a">72388</subfield><subfield code="c">539.163.2</subfield></datafield><datafield ind1=" " ind2=" " tag="CAT"><subfield code="a">Sys</subfield><subfield code="c">20120528</subfield><subfield code="h">105634</subfield></datafield></record></collection>